<record><leader>00000cas a22000007a 4500</leader><controlfield tag="001">10667229</controlfield><controlfield tag="008">840426d17911791ctuwr ne      0    0eng  </controlfield><datafield ind1=" " ind2=" " tag="010"><subfield code="a">sn 84020356 </subfield></datafield><datafield ind1=" " ind2=" " tag="040"><subfield code="a">DLC</subfield><subfield code="b">eng</subfield><subfield code="c">DLC</subfield><subfield code="d">NPX</subfield><subfield code="d">NPU</subfield><subfield code="d">OCL</subfield><subfield code="d">DLC</subfield><subfield code="d">CNW</subfield><subfield code="d">OCL</subfield><subfield code="d">OCLCG</subfield><subfield code="d">OCLCO</subfield><subfield code="d">OCLCA</subfield><subfield code="d">OCLCF</subfield><subfield code="d">YUS</subfield><subfield code="d">OCLCO</subfield></datafield><datafield ind1="1" ind2=" " tag="029"><subfield code="a">AU@</subfield><subfield code="b">000025808832</subfield></datafield><datafield ind1=" " ind2=" " tag="042"><subfield code="a">msc</subfield></datafield><datafield ind1="0" ind2="0" tag="050"><subfield code="a">Newspaper</subfield></datafield><datafield ind1="0" ind2=" " tag="130"><subfield code="a">New Haven gazette (New Haven, Conn. : 1791)</subfield></datafield><datafield ind1="0" ind2="4" tag="245"><subfield code="a">The New-Haven gazette.</subfield></datafield><datafield ind1="0" ind2="0" tag="246"><subfield code="a">New Haven gazette</subfield></datafield><datafield ind1=" " ind2=" " tag="260"><subfield code="a">[New Haven, Conn.] :</subfield><subfield code="b">Abel Morse,</subfield><subfield code="c">1791.</subfield></datafield><datafield ind1=" " ind2=" " tag="300"><subfield code="a">v. ;</subfield><subfield code="c">28 cm.</subfield></datafield><datafield ind1=" " ind2=" " tag="310"><subfield code="a">Weekly</subfield></datafield><datafield ind1="0" ind2=" " tag="362"><subfield code="a">Vol. 1, no. 1 (Jan. 5, 1791)-v. 1, no. 26 (June 29, 1791).</subfield></datafield><datafield ind1=" " ind2=" " tag="500"><subfield code="a">Place of publication recorded in Brigham, C.S.  Amer. newspapers.</subfield></datafield><datafield ind1=" " ind2=" " tag="500"><subfield code="a">References: Evans 23607; Brigham, C.S.  Amer. newspapers, p. 49.</subfield></datafield><datafield ind1=" " ind2=" " tag="530"><subfield code="a">Available in microform from Readex Microprint Corp.</subfield></datafield><datafield ind1=" " ind2="0" tag="651"><subfield code="a">New Haven (Conn.)</subfield><subfield code="v">Newspapers.</subfield></datafield><datafield ind1=" " ind2="7" tag="651"><subfield code="a">Connecticut</subfield><subfield code="z">New Haven.</subfield><subfield code="2">fast</subfield><subfield code="0">(OCoLC)fst01206280</subfield></datafield><datafield ind1=" " ind2="7" tag="655"><subfield code="a">Newspapers.</subfield><subfield code="2">fast</subfield><subfield code="0">(OCoLC)fst01423814</subfield></datafield><datafield ind1=" " ind2="7" tag="655"><subfield code="a">Annotations (Provenance)</subfield><subfield code="y">18th century.</subfield><subfield code="2">rbprov</subfield><subfield code="5">CtY-BR</subfield></datafield><datafield ind1=" " ind2="7" tag="655"><subfield code="a">Newspapers.</subfield><subfield code="2">lcgft</subfield></datafield><datafield ind1="1" ind2=" " tag="700"><subfield code="a">Morse, Abel,</subfield><subfield code="d">1746-1795.</subfield></datafield><datafield ind1=" " ind2=" " tag="752"><subfield code="a">United States</subfield><subfield code="b">Connecticut</subfield><subfield code="c">New Haven</subfield><subfield code="d">New Haven.</subfield></datafield></record>